@article{fogel,
	title = "Evolving Behaviors in the Iterated Prisoner's Dilemma",
	journal = "Evolutionary Computation",
	volume = "1",
	number = "1",
	year = "1993",
	pages = "77--97",
	author = "David B. Fogel"	
}

@article{macy,
	title = "Social Order in Artificial Words",
	author = "Michael W. Macy",
	year = "1998",
	journal = "Journal of Artificial Societies and Social Simulation",
	volume = "1",
	number = "1",
	url = "http://jasss.soc.surrey.ac.uk/1/1/4.html",
}

@article{smith,
	title = "Evolutionary Game Theory",
	author = "John Maynard Smith",
	journal = "Physica D: Nonlinear Phenomena",
	volume = "22",
	issue = "1--3",
	year = "1986",
	month = "October--November",
	pages = "43--49"
}	

@article{neat,
	title = "Competitive coevolution through evolutionary complexification",
	journal = "Journal of Artificial Intelligence Research",
	volume = "21",
	author = "Kenneth Stanley",
	year = "2004"
}